%YAML 1.1
%TAG !u! tag:unity3d.com,2011:
--- !u!95 &8904783942887512542
Animator:
  serializedVersion: 3
  m_ObjectHideFlags: 0
  m_CorrespondingSourceObject: {fileID: 0}
  m_PrefabInstance: {fileID: 0}
  m_PrefabAsset: {fileID: 0}
  m_GameObject: {fileID: 2206092466348209188}
  m_Enabled: 1
  m_Avatar: {fileID: 0}
  m_Controller: {fileID: 9100000, guid: 1b51bef0e63f66c0c94c22cb3a499b10, type: 2}
  m_CullingMode: 0
  m_UpdateMode: 0
  m_ApplyRootMotion: 0
  m_LinearVelocityBlending: 0
  m_WarningMessage: 
  m_HasTransformHierarchy: 1
  m_AllowConstantClipSamplingOptimization: 1
  m_KeepAnimatorControllerStateOnDisable: 0
--- !u!64 &8029107002366729466
MeshCollider:
  m_ObjectHideFlags: 0
  m_CorrespondingSourceObject: {fileID: 0}
  m_PrefabInstance: {fileID: 0}
  m_PrefabAsset: {fileID: 0}
  m_GameObject: {fileID: 2498949788083269072}
  m_Material: {fileID: 0}
  m_IsTrigger: 1
  m_Enabled: 1
  serializedVersion: 4
  m_Convex: 1
  m_CookingOptions: 30
  m_Mesh: {fileID: 0}
--- !u!1 &4009365168702776762
GameObject:
  m_ObjectHideFlags: 0
  m_CorrespondingSourceObject: {fileID: 0}
  m_PrefabInstance: {fileID: 0}
  m_PrefabAsset: {fileID: 0}
  serializedVersion: 6
  m_Component:
  - component: {fileID: 7566821677302888792}
  - component: {fileID: 2048204701833850577}
  m_Layer: 7
  m_Name: Point Light
  m_TagString: Untagged
  m_Icon: {fileID: 0}
  m_NavMeshLayer: 0
  m_StaticEditorFlags: 0
  m_IsActive: 1
--- !u!4 &7566821677302888792
Transform:
  m_ObjectHideFlags: 0
  m_CorrespondingSourceObject: {fileID: 0}
  m_PrefabInstance: {fileID: 0}
  m_PrefabAsset: {fileID: 0}
  m_GameObject: {fileID: 4009365168702776762}
  m_LocalRotation: {x: 0, y: 0, z: 0, w: 1}
  m_LocalPosition: {x: 0, y: 0, z: 0}
  m_LocalScale: {x: 1, y: 1, z: 1}
  m_Children: []
  m_Father: {fileID: 7290150958349473900}
  m_RootOrder: 3
  m_LocalEulerAnglesHint: {x: 0, y: 0, z: 0}
--- !u!108 &2048204701833850577
Light:
  m_ObjectHideFlags: 0
  m_CorrespondingSourceObject: {fileID: 0}
  m_PrefabInstance: {fileID: 0}
  m_PrefabAsset: {fileID: 0}
  m_GameObject: {fileID: 4009365168702776762}
  m_Enabled: 1
  serializedVersion: 10
  m_Type: 2
  m_Shape: 0
  m_Color: {r: 0.17880027, g: 0.19813143, b: 0.9245283, a: 1}
  m_Intensity: 0.1
  m_Range: 10
  m_SpotAngle: 30
  m_InnerSpotAngle: 21.80208
  m_CookieSize: 10
  m_Shadows:
    m_Type: 0
    m_Resolution: -1
    m_CustomResolution: -1
    m_Strength: 1
    m_Bias: 0.05
    m_NormalBias: 0.4
    m_NearPlane: 0.2
    m_CullingMatrixOverride:
      e00: 1
      e01: 0
      e02: 0
      e03: 0
      e10: 0
      e11: 1
      e12: 0
      e13: 0
      e20: 0
      e21: 0
      e22: 1
      e23: 0
      e30: 0
      e31: 0
      e32: 0
      e33: 1
    m_UseCullingMatrixOverride: 0
  m_Cookie: {fileID: 0}
  m_DrawHalo: 0
  m_Flare: {fileID: 0}
  m_RenderMode: 0
  m_CullingMask:
    serializedVersion: 2
    m_Bits: 4294967295
  m_RenderingLayerMask: 1
  m_Lightmapping: 4
  m_LightShadowCasterMode: 0
  m_AreaSize: {x: 1, y: 1}
  m_BounceIntensity: 1
  m_ColorTemperature: 6570
  m_UseColorTemperature: 0
  m_BoundingSphereOverride: {x: 0, y: 0, z: 0, w: 0}
  m_UseBoundingSphereOverride: 0
  m_UseViewFrustumForShadowCasterCull: 1
  m_ShadowRadius: 0
  m_ShadowAngle: 0
--- !u!1 &7290150958349473889
GameObject:
  m_ObjectHideFlags: 0
  m_CorrespondingSourceObject: {fileID: 0}
  m_PrefabInstance: {fileID: 0}
  m_PrefabAsset: {fileID: 0}
  serializedVersion: 6
  m_Component:
  - component: {fileID: 7290150958349473900}
  - component: {fileID: 7290150958349473903}
  - component: {fileID: 7290150958349473888}
  - component: {fileID: 7290150958349473899}
  - component: {fileID: 7290150958349473898}
  - component: {fileID: -1149631685162829012}
  m_Layer: 7
  m_Name: shadowMonster
  m_TagString: Untagged
  m_Icon: {fileID: 0}
  m_NavMeshLayer: 0
  m_StaticEditorFlags: 0
  m_IsActive: 1
--- !u!4 &7290150958349473900
Transform:
  m_ObjectHideFlags: 0
  m_CorrespondingSourceObject: {fileID: 0}
  m_PrefabInstance: {fileID: 0}
  m_PrefabAsset: {fileID: 0}
  m_GameObject: {fileID: 7290150958349473889}
  m_LocalRotation: {x: 0, y: 0, z: 0, w: 1}
  m_LocalPosition: {x: 12, y: 9, z: 0}
  m_LocalScale: {x: 1, y: 1, z: 1}
  m_Children:
  - {fileID: 2132267609857971212}
  - {fileID: 8823139098012838680}
  - {fileID: 1573530626117201566}
  - {fileID: 7566821677302888792}
  m_Father: {fileID: 0}
  m_RootOrder: 0
  m_LocalEulerAnglesHint: {x: 0, y: 0, z: 0}
--- !u!135 &7290150958349473903
SphereCollider:
  m_ObjectHideFlags: 0
  m_CorrespondingSourceObject: {fileID: 0}
  m_PrefabInstance: {fileID: 0}
  m_PrefabAsset: {fileID: 0}
  m_GameObject: {fileID: 7290150958349473889}
  m_Material: {fileID: 0}
  m_IsTrigger: 1
  m_Enabled: 1
  serializedVersion: 2
  m_Radius: 0.7
  m_Center: {x: 0, y: 0, z: 0}
--- !u!114 &7290150958349473888
MonoBehaviour:
  m_ObjectHideFlags: 0
  m_CorrespondingSourceObject: {fileID: 0}
  m_PrefabInstance: {fileID: 0}
  m_PrefabAsset: {fileID: 0}
  m_GameObject: {fileID: 7290150958349473889}
  m_Enabled: 1
  m_EditorHideFlags: 0
  m_Script: {fileID: 11500000, guid: 7a84a3e6d2bd72b418210b18bc8efdb4, type: 3}
  m_Name: 
  m_EditorClassIdentifier: 
  speed: 0.5
  target: {fileID: 0}
  ghost: {fileID: 0}
  material: {fileID: 2100000, guid: 0f3511af293c80f4a90f195782427642, type: 2}
  exclamation: {fileID: 2132267609857971214}
--- !u!114 &7290150958349473899
MonoBehaviour:
  m_ObjectHideFlags: 0
  m_CorrespondingSourceObject: {fileID: 0}
  m_PrefabInstance: {fileID: 0}
  m_PrefabAsset: {fileID: 0}
  m_GameObject: {fileID: 7290150958349473889}
  m_Enabled: 1
  m_EditorHideFlags: 0
  m_Script: {fileID: 11500000, guid: 721fa2ea12a446b4a803d9dd7f3316ff, type: 3}
  m_Name: 
  m_EditorClassIdentifier: 
  onEnterTrigger:
    m_PersistentCalls:
      m_Calls:
      - m_Target: {fileID: 7290150958349473888}
        m_TargetAssemblyTypeName: ShadowMonster, Assembly-CSharp
        m_MethodName: collision
        m_Mode: 0
        m_Arguments:
          m_ObjectArgument: {fileID: 0}
          m_ObjectArgumentAssemblyTypeName: UnityEngine.Object, UnityEngine
          m_IntArgument: 0
          m_FloatArgument: 0
          m_StringArgument: 
          m_BoolArgument: 0
        m_CallState: 2
      - m_Target: {fileID: -1149631685162829012}
        m_TargetAssemblyTypeName: UnityEngine.AudioSource, UnityEngine
        m_MethodName: Play
        m_Mode: 1
        m_Arguments:
          m_ObjectArgument: {fileID: 0}
          m_ObjectArgumentAssemblyTypeName: UnityEngine.Object, UnityEngine
          m_IntArgument: 0
          m_FloatArgument: 0
          m_StringArgument: 
          m_BoolArgument: 0
        m_CallState: 2
  onExitTrigger:
    m_PersistentCalls:
      m_Calls: []
  onStayTrigger:
    m_PersistentCalls:
      m_Calls: []
--- !u!54 &7290150958349473898
Rigidbody:
  m_ObjectHideFlags: 0
  m_CorrespondingSourceObject: {fileID: 0}
  m_PrefabInstance: {fileID: 0}
  m_PrefabAsset: {fileID: 0}
  m_GameObject: {fileID: 7290150958349473889}
  serializedVersion: 2
  m_Mass: 1
  m_Drag: 0
  m_AngularDrag: 0.05
  m_UseGravity: 0
  m_IsKinematic: 0
  m_Interpolate: 0
  m_Constraints: 0
  m_CollisionDetection: 0
--- !u!82 &-1149631685162829012
AudioSource:
  m_ObjectHideFlags: 0
  m_CorrespondingSourceObject: {fileID: 0}
  m_PrefabInstance: {fileID: 0}
  m_PrefabAsset: {fileID: 0}
  m_GameObject: {fileID: 7290150958349473889}
  m_Enabled: 1
  serializedVersion: 4
  OutputAudioMixerGroup: {fileID: 0}
  m_audioClip: {fileID: 8300000, guid: db7bec0b1b9189e8a972811fcf1133f0, type: 3}
  m_PlayOnAwake: 0
  m_Volume: 0.5
  m_Pitch: 1
  Loop: 0
  Mute: 0
  Spatialize: 0
  SpatializePostEffects: 0
  Priority: 128
  DopplerLevel: 1
  MinDistance: 1
  MaxDistance: 500
  Pan2D: 0
  rolloffMode: 0
  BypassEffects: 0
  BypassListenerEffects: 0
  BypassReverbZones: 0
  rolloffCustomCurve:
    serializedVersion: 2
    m_Curve:
    - serializedVersion: 3
      time: 0
      value: 1
      inSlope: 0
      outSlope: 0
      tangentMode: 0
      weightedMode: 0
      inWeight: 0.33333334
      outWeight: 0.33333334
    - serializedVersion: 3
      time: 1
      value: 0
      inSlope: 0
      outSlope: 0
      tangentMode: 0
      weightedMode: 0
      inWeight: 0.33333334
      outWeight: 0.33333334
    m_PreInfinity: 2
    m_PostInfinity: 2
    m_RotationOrder: 4
  panLevelCustomCurve:
    serializedVersion: 2
    m_Curve:
    - serializedVersion: 3
      time: 0
      value: 0
      inSlope: 0
      outSlope: 0
      tangentMode: 0
      weightedMode: 0
      inWeight: 0.33333334
      outWeight: 0.33333334
    m_PreInfinity: 2
    m_PostInfinity: 2
    m_RotationOrder: 4
  spreadCustomCurve:
    serializedVersion: 2
    m_Curve:
    - serializedVersion: 3
      time: 0
      value: 0
      inSlope: 0
      outSlope: 0
      tangentMode: 0
      weightedMode: 0
      inWeight: 0.33333334
      outWeight: 0.33333334
    m_PreInfinity: 2
    m_PostInfinity: 2
    m_RotationOrder: 4
  reverbZoneMixCustomCurve:
    serializedVersion: 2
    m_Curve:
    - serializedVersion: 3
      time: 0
      value: 1
      inSlope: 0
      outSlope: 0
      tangentMode: 0
      weightedMode: 0
      inWeight: 0.33333334
      outWeight: 0.33333334
    m_PreInfinity: 2
    m_PostInfinity: 2
    m_RotationOrder: 4
--- !u!95 &4582179021357132470
Animator:
  serializedVersion: 3
  m_ObjectHideFlags: 0
  m_CorrespondingSourceObject: {fileID: 0}
  m_PrefabInstance: {fileID: 0}
  m_PrefabAsset: {fileID: 0}
  m_GameObject: {fileID: 8158770932548776354}
  m_Enabled: 1
  m_Avatar: {fileID: 0}
  m_Controller: {fileID: 9100000, guid: 31e72478a61f3d643ac5854cd6fe4c6d, type: 2}
  m_CullingMode: 0
  m_UpdateMode: 0
  m_ApplyRootMotion: 0
  m_LinearVelocityBlending: 0
  m_WarningMessage: 
  m_HasTransformHierarchy: 1
  m_AllowConstantClipSamplingOptimization: 1
  m_KeepAnimatorControllerStateOnDisable: 0
--- !u!1001 &1323201465985304949
PrefabInstance:
  m_ObjectHideFlags: 0
  serializedVersion: 2
  m_Modification:
    m_TransformParent: {fileID: 7290150958349473900}
    m_Modifications:
    - target: {fileID: -8679921383154817045, guid: 821e144e069688dbbbb07d7c5f5b14bf, type: 3}
      propertyPath: m_RootOrder
      value: 2
      objectReference: {fileID: 0}
    - target: {fileID: -8679921383154817045, guid: 821e144e069688dbbbb07d7c5f5b14bf, type: 3}
      propertyPath: m_LocalScale.x
      value: 0.5
      objectReference: {fileID: 0}
    - target: {fileID: -8679921383154817045, guid: 821e144e069688dbbbb07d7c5f5b14bf, type: 3}
      propertyPath: m_LocalScale.y
      value: 0.5
      objectReference: {fileID: 0}
    - target: {fileID: -8679921383154817045, guid: 821e144e069688dbbbb07d7c5f5b14bf, type: 3}
      propertyPath: m_LocalScale.z
      value: 0.5
      objectReference: {fileID: 0}
    - target: {fileID: -8679921383154817045, guid: 821e144e069688dbbbb07d7c5f5b14bf, type: 3}
      propertyPath: m_LocalPosition.x
      value: 0
      objectReference: {fileID: 0}
    - target: {fileID: -8679921383154817045, guid: 821e144e069688dbbbb07d7c5f5b14bf, type: 3}
      propertyPath: m_LocalPosition.y
      value: 0
      objectReference: {fileID: 0}
    - target: {fileID: -8679921383154817045, guid: 821e144e069688dbbbb07d7c5f5b14bf, type: 3}
      propertyPath: m_LocalPosition.z
      value: 0
      objectReference: {fileID: 0}
    - target: {fileID: -8679921383154817045, guid: 821e144e069688dbbbb07d7c5f5b14bf, type: 3}
      propertyPath: m_LocalRotation.w
      value: 1
      objectReference: {fileID: 0}
    - target: {fileID: -8679921383154817045, guid: 821e144e069688dbbbb07d7c5f5b14bf, type: 3}
      propertyPath: m_LocalRotation.x
      value: 0
      objectReference: {fileID: 0}
    - target: {fileID: -8679921383154817045, guid: 821e144e069688dbbbb07d7c5f5b14bf, type: 3}
      propertyPath: m_LocalRotation.y
      value: 0
      objectReference: {fileID: 0}
    - target: {fileID: -8679921383154817045, guid: 821e144e069688dbbbb07d7c5f5b14bf, type: 3}
      propertyPath: m_LocalRotation.z
      value: 0
      objectReference: {fileID: 0}
    - target: {fileID: -8679921383154817045, guid: 821e144e069688dbbbb07d7c5f5b14bf, type: 3}
      propertyPath: m_LocalEulerAnglesHint.x
      value: 0
      objectReference: {fileID: 0}
    - target: {fileID: -8679921383154817045, guid: 821e144e069688dbbbb07d7c5f5b14bf, type: 3}
      propertyPath: m_LocalEulerAnglesHint.y
      value: 0
      objectReference: {fileID: 0}
    - target: {fileID: -8679921383154817045, guid: 821e144e069688dbbbb07d7c5f5b14bf, type: 3}
      propertyPath: m_LocalEulerAnglesHint.z
      value: 0
      objectReference: {fileID: 0}
    - target: {fileID: -8396690574874239952, guid: 821e144e069688dbbbb07d7c5f5b14bf, type: 3}
      propertyPath: m_Materials.Array.data[0]
      value: 
      objectReference: {fileID: 2100000, guid: 0f3511af293c80f4a90f195782427642, type: 2}
    - target: {fileID: -5696216600082307931, guid: 821e144e069688dbbbb07d7c5f5b14bf, type: 3}
      propertyPath: m_IsActive
      value: 1
      objectReference: {fileID: 0}
    - target: {fileID: 919132149155446097, guid: 821e144e069688dbbbb07d7c5f5b14bf, type: 3}
      propertyPath: m_Name
      value: evilGhostAnim
      objectReference: {fileID: 0}
    - target: {fileID: 919132149155446097, guid: 821e144e069688dbbbb07d7c5f5b14bf, type: 3}
      propertyPath: m_IsActive
      value: 0
      objectReference: {fileID: 0}
    m_RemovedComponents: []
  m_SourcePrefab: {fileID: 100100000, guid: 821e144e069688dbbbb07d7c5f5b14bf, type: 3}
--- !u!4 &1573530626117201566 stripped
Transform:
  m_CorrespondingSourceObject: {fileID: -8679921383154817045, guid: 821e144e069688dbbbb07d7c5f5b14bf, type: 3}
  m_PrefabInstance: {fileID: 1323201465985304949}
  m_PrefabAsset: {fileID: 0}
--- !u!1 &2206092466348209188 stripped
GameObject:
  m_CorrespondingSourceObject: {fileID: 919132149155446097, guid: 821e144e069688dbbbb07d7c5f5b14bf, type: 3}
  m_PrefabInstance: {fileID: 1323201465985304949}
  m_PrefabAsset: {fileID: 0}
--- !u!1 &2498949788083269072 stripped
GameObject:
  m_CorrespondingSourceObject: {fileID: -5696216600082307931, guid: 821e144e069688dbbbb07d7c5f5b14bf, type: 3}
  m_PrefabInstance: {fileID: 1323201465985304949}
  m_PrefabAsset: {fileID: 0}
--- !u!1001 &7290150956653601995
PrefabInstance:
  m_ObjectHideFlags: 0
  serializedVersion: 2
  m_Modification:
    m_TransformParent: {fileID: 7290150958349473900}
    m_Modifications:
    - target: {fileID: 8699977785623982277, guid: 6b88198ab0ba1344cb6b375fda4f35aa, type: 3}
      propertyPath: animationCurve.m_Curve.Array.data[1].time
      value: 0.06433767
      objectReference: {fileID: 0}
    - target: {fileID: 8699977785623982277, guid: 6b88198ab0ba1344cb6b375fda4f35aa, type: 3}
      propertyPath: animationCurve.m_Curve.Array.data[2].time
      value: 0.79327023
      objectReference: {fileID: 0}
    - target: {fileID: 8699977785623982277, guid: 6b88198ab0ba1344cb6b375fda4f35aa, type: 3}
      propertyPath: animationCurve.m_Curve.Array.data[3].time
      value: 1.0569458
      objectReference: {fileID: 0}
    - target: {fileID: 8699977785623982277, guid: 6b88198ab0ba1344cb6b375fda4f35aa, type: 3}
      propertyPath: animationCurve.m_Curve.Array.data[1].value
      value: 1.1770021
      objectReference: {fileID: 0}
    - target: {fileID: 8699977785623982277, guid: 6b88198ab0ba1344cb6b375fda4f35aa, type: 3}
      propertyPath: animationCurve.m_Curve.Array.data[2].value
      value: 0.48840642
      objectReference: {fileID: 0}
    - target: {fileID: 8699977785623982277, guid: 6b88198ab0ba1344cb6b375fda4f35aa, type: 3}
      propertyPath: animationCurve.m_Curve.Array.data[3].value
      value: 0.38557434
      objectReference: {fileID: 0}
    - target: {fileID: 8699977785623982277, guid: 6b88198ab0ba1344cb6b375fda4f35aa, type: 3}
      propertyPath: animationCurve.m_Curve.Array.data[1].inSlope
      value: -0.8640177
      objectReference: {fileID: 0}
    - target: {fileID: 8699977785623982277, guid: 6b88198ab0ba1344cb6b375fda4f35aa, type: 3}
      propertyPath: animationCurve.m_Curve.Array.data[2].inSlope
      value: -0.36312062
      objectReference: {fileID: 0}
    - target: {fileID: 8699977785623982277, guid: 6b88198ab0ba1344cb6b375fda4f35aa, type: 3}
      propertyPath: animationCurve.m_Curve.Array.data[1].outSlope
      value: -0.8640177
      objectReference: {fileID: 0}
    - target: {fileID: 8699977785623982277, guid: 6b88198ab0ba1344cb6b375fda4f35aa, type: 3}
      propertyPath: animationCurve.m_Curve.Array.data[2].outSlope
      value: -0.36312062
      objectReference: {fileID: 0}
    - target: {fileID: 8699977785623982277, guid: 6b88198ab0ba1344cb6b375fda4f35aa, type: 3}
      propertyPath: animationCurve.m_Curve.Array.data[1].outWeight
      value: 0.035908505
      objectReference: {fileID: 0}
    - target: {fileID: 8699977785623982277, guid: 6b88198ab0ba1344cb6b375fda4f35aa, type: 3}
      propertyPath: animationCurve.m_Curve.Array.data[2].outWeight
      value: 0.32404512
      objectReference: {fileID: 0}
    - target: {fileID: 8699977785623982278, guid: 6b88198ab0ba1344cb6b375fda4f35aa, type: 3}
      propertyPath: m_Name
      value: exclamationMark
      objectReference: {fileID: 0}
    - target: {fileID: 8699977785623982279, guid: 6b88198ab0ba1344cb6b375fda4f35aa, type: 3}
      propertyPath: m_RootOrder
      value: 0
      objectReference: {fileID: 0}
    - target: {fileID: 8699977785623982279, guid: 6b88198ab0ba1344cb6b375fda4f35aa, type: 3}
      propertyPath: m_LocalPosition.x
      value: 1
      objectReference: {fileID: 0}
    - target: {fileID: 8699977785623982279, guid: 6b88198ab0ba1344cb6b375fda4f35aa, type: 3}
      propertyPath: m_LocalPosition.y
      value: 1.5
      objectReference: {fileID: 0}
    - target: {fileID: 8699977785623982279, guid: 6b88198ab0ba1344cb6b375fda4f35aa, type: 3}
      propertyPath: m_LocalPosition.z
      value: 0
      objectReference: {fileID: 0}
    - target: {fileID: 8699977785623982279, guid: 6b88198ab0ba1344cb6b375fda4f35aa, type: 3}
      propertyPath: m_LocalRotation.w
      value: 1
      objectReference: {fileID: 0}
    - target: {fileID: 8699977785623982279, guid: 6b88198ab0ba1344cb6b375fda4f35aa, type: 3}
      propertyPath: m_LocalRotation.x
      value: 0
      objectReference: {fileID: 0}
    - target: {fileID: 8699977785623982279, guid: 6b88198ab0ba1344cb6b375fda4f35aa, type: 3}
      propertyPath: m_LocalRotation.y
      value: 0
      objectReference: {fileID: 0}
    - target: {fileID: 8699977785623982279, guid: 6b88198ab0ba1344cb6b375fda4f35aa, type: 3}
      propertyPath: m_LocalRotation.z
      value: 0
      objectReference: {fileID: 0}
    - target: {fileID: 8699977785623982279, guid: 6b88198ab0ba1344cb6b375fda4f35aa, type: 3}
      propertyPath: m_LocalEulerAnglesHint.x
      value: 0
      objectReference: {fileID: 0}
    - target: {fileID: 8699977785623982279, guid: 6b88198ab0ba1344cb6b375fda4f35aa, type: 3}
      propertyPath: m_LocalEulerAnglesHint.y
      value: 0
      objectReference: {fileID: 0}
    - target: {fileID: 8699977785623982279, guid: 6b88198ab0ba1344cb6b375fda4f35aa, type: 3}
      propertyPath: m_LocalEulerAnglesHint.z
      value: 0
      objectReference: {fileID: 0}
    m_RemovedComponents: []
  m_SourcePrefab: {fileID: 100100000, guid: 6b88198ab0ba1344cb6b375fda4f35aa, type: 3}
--- !u!114 &2132267609857971214 stripped
MonoBehaviour:
  m_CorrespondingSourceObject: {fileID: 8699977785623982277, guid: 6b88198ab0ba1344cb6b375fda4f35aa, type: 3}
  m_PrefabInstance: {fileID: 7290150956653601995}
  m_PrefabAsset: {fileID: 0}
  m_GameObject: {fileID: 0}
  m_Enabled: 1
  m_EditorHideFlags: 0
  m_Script: {fileID: 11500000, guid: 92dce27594d9ce44ebb6211a4857563e, type: 3}
  m_Name: 
  m_EditorClassIdentifier: 
--- !u!4 &2132267609857971212 stripped
Transform:
  m_CorrespondingSourceObject: {fileID: 8699977785623982279, guid: 6b88198ab0ba1344cb6b375fda4f35aa, type: 3}
  m_PrefabInstance: {fileID: 7290150956653601995}
  m_PrefabAsset: {fileID: 0}
--- !u!1001 &9077197730901069043
PrefabInstance:
  m_ObjectHideFlags: 0
  serializedVersion: 2
  m_Modification:
    m_TransformParent: {fileID: 7290150958349473900}
    m_Modifications:
    - target: {fileID: -8679921383154817045, guid: ee3385e2e21524c4b81affd80fccc94c, type: 3}
      propertyPath: m_RootOrder
      value: 1
      objectReference: {fileID: 0}
    - target: {fileID: -8679921383154817045, guid: ee3385e2e21524c4b81affd80fccc94c, type: 3}
      propertyPath: m_LocalScale.x
      value: 1
      objectReference: {fileID: 0}
    - target: {fileID: -8679921383154817045, guid: ee3385e2e21524c4b81affd80fccc94c, type: 3}
      propertyPath: m_LocalScale.y
      value: 1
      objectReference: {fileID: 0}
    - target: {fileID: -8679921383154817045, guid: ee3385e2e21524c4b81affd80fccc94c, type: 3}
      propertyPath: m_LocalScale.z
      value: 1
      objectReference: {fileID: 0}
    - target: {fileID: -8679921383154817045, guid: ee3385e2e21524c4b81affd80fccc94c, type: 3}
      propertyPath: m_LocalPosition.x
      value: 0
      objectReference: {fileID: 0}
    - target: {fileID: -8679921383154817045, guid: ee3385e2e21524c4b81affd80fccc94c, type: 3}
      propertyPath: m_LocalPosition.y
      value: 0
      objectReference: {fileID: 0}
    - target: {fileID: -8679921383154817045, guid: ee3385e2e21524c4b81affd80fccc94c, type: 3}
      propertyPath: m_LocalPosition.z
      value: -0.315
      objectReference: {fileID: 0}
    - target: {fileID: -8679921383154817045, guid: ee3385e2e21524c4b81affd80fccc94c, type: 3}
      propertyPath: m_LocalRotation.w
      value: 1
      objectReference: {fileID: 0}
    - target: {fileID: -8679921383154817045, guid: ee3385e2e21524c4b81affd80fccc94c, type: 3}
      propertyPath: m_LocalRotation.x
      value: -0
      objectReference: {fileID: 0}
    - target: {fileID: -8679921383154817045, guid: ee3385e2e21524c4b81affd80fccc94c, type: 3}
      propertyPath: m_LocalRotation.y
      value: -0
      objectReference: {fileID: 0}
    - target: {fileID: -8679921383154817045, guid: ee3385e2e21524c4b81affd80fccc94c, type: 3}
      propertyPath: m_LocalRotation.z
      value: -0
      objectReference: {fileID: 0}
    - target: {fileID: -8679921383154817045, guid: ee3385e2e21524c4b81affd80fccc94c, type: 3}
      propertyPath: m_LocalEulerAnglesHint.x
      value: 0
      objectReference: {fileID: 0}
    - target: {fileID: -8679921383154817045, guid: ee3385e2e21524c4b81affd80fccc94c, type: 3}
      propertyPath: m_LocalEulerAnglesHint.y
      value: 0
      objectReference: {fileID: 0}
    - target: {fileID: -8679921383154817045, guid: ee3385e2e21524c4b81affd80fccc94c, type: 3}
      propertyPath: m_LocalEulerAnglesHint.z
      value: 0
      objectReference: {fileID: 0}
    - target: {fileID: 420934332710719339, guid: ee3385e2e21524c4b81affd80fccc94c, type: 3}
      propertyPath: m_Materials.Array.data[0]
      value: 
      objectReference: {fileID: 2100000, guid: 0f3511af293c80f4a90f195782427642, type: 2}
    - target: {fileID: 919132149155446097, guid: ee3385e2e21524c4b81affd80fccc94c, type: 3}
      propertyPath: m_Name
      value: evilGhostAnim2
      objectReference: {fileID: 0}
    m_RemovedComponents: []
  m_SourcePrefab: {fileID: 100100000, guid: ee3385e2e21524c4b81affd80fccc94c, type: 3}
--- !u!4 &8823139098012838680 stripped
Transform:
  m_CorrespondingSourceObject: {fileID: -8679921383154817045, guid: ee3385e2e21524c4b81affd80fccc94c, type: 3}
  m_PrefabInstance: {fileID: 9077197730901069043}
  m_PrefabAsset: {fileID: 0}
--- !u!1 &8158770932548776354 stripped
GameObject:
  m_CorrespondingSourceObject: {fileID: 919132149155446097, guid: ee3385e2e21524c4b81affd80fccc94c, type: 3}
  m_PrefabInstance: {fileID: 9077197730901069043}
  m_PrefabAsset: {fileID: 0}
